@article{alexandrov2013signatures,
  title={Signatures of mutational processes in human cancer},
  author={Alexandrov, Ludmil B and Nik-Zainal, Serena and Wedge, David C and Aparicio, Samuel AJR and Behjati, Sam and Biankin, Andrew V and Bignell, Graham R and Bolli, Niccolo and Borg, Ake and B{\o}rresen-Dale, Anne-Lise and others},
  journal={Nature},
  volume={500},
  number={7463},
  pages={415},
  year={2013},
  publisher={Nature Publishing Group}
}

@article{liu2017mutational,
  title={Mutational patterns in chemotherapy resistant muscle-invasive bladder cancer},
  author={Liu, David and Abbosh, Philip and Keliher, Daniel and Reardon, Brendan and Miao, Diana and Mouw, Kent and Weiner-Taylor, Amaro and Wankowicz, Stephanie and Han, Garam and Teo, Min Yuen and others},
  journal={Nature communications},
  volume={8},
  number={1},
  pages={2193},
  year={2017},
  publisher={Nature Publishing Group}
}